elt,ttm,9/29/2020,9/29/2019,9/29/2018,9/29/2017,finStat,group_name,sector,12/30/2020,12/30/2019,12/30/2018,12/30/2017,IFRS_tag
Total Revenue,"347,155,000","274,515,000","260,174,000","265,595,000","229,234,000",income statement,Apple,Technology,,,,,ifrs-full_FairValueOfInvestmentInJointVenturesWherePriceQuotationsPublished_label
Cost of Revenue,"204,804,000","169,559,000","161,782,000","163,756,000","141,048,000",income statement,Apple,Technology,,,,,ifrs-full_DescriptionOfNatureOfNoncashAssetsHeldForDistributionToOwnersDeclaredBeforeFinancialStatementsAuthorisedForIssue_label
Gross Profit,"142,351,000","104,956,000","98,392,000","101,839,000","88,186,000",income statement,Apple,Technology,,,,,ifrs-full_ExplanationOfRelationshipBetweenAmountsPayableOnDemandThatAriseFromContractsWithinScopeOfIFRS17AndCarryingAmountOfRelatedGroupsOfContracts_label
Operating Expense,"42,413,000","38,668,000","34,462,000","30,941,000","26,842,000",income statement,Apple,Technology,,,,,ifrs-full_AmountByWhichFinancialAssetsRelatedCreditDerivativesOrSimilarInstrumentsMitigateMaximumExposureToCreditRisk_label
Operating Income,"99,938,000","66,288,000","63,930,000","70,898,000","61,344,000",income statement,Apple,Technology,,,,,ifrs-full_AmountRemovedFromReserveOfChangeInValueOfForwardElementsOfForwardContractsAndIncludedInInitialCostOrOtherCarryingAmountOfNonfinancialAssetLiabilityOrFirmCommitmentForWhichFairValueHedgeAccountingIsApplied_negatedLabel
Net Non Operating Interest Income Expense,"345,000","890,000","1,385,000","2,446,000","2,878,000",income statement,Apple,Technology,,,,,ifrs-full_ChangesInGoodwill_totalLabel
Other Income Expense,"577,000","-87,000","422,000","-441,000","-133,000",income statement,Apple,Technology,,,,,ifrs-full_DescriptionOfAccountingPolicyForFinanceCostsExplanatory_label
Pretax Income,"100,860,000","67,091,000","65,737,000","72,903,000","64,089,000",income statement,Apple,Technology,,,,,ifrs-full_InsuranceContractsLiabilityAsset_label
Tax Provision,"14,058,000","9,680,000","10,481,000","13,372,000","15,738,000",income statement,Apple,Technology,,,,,ifrs-full_InterestRateSwapContractMember_label
Net Income Common Stockholders,"86,802,000","57,411,000","55,256,000","59,531,000","48,351,000",income statement,Apple,Technology,,,,,ifrs-full_LeaseReceivablesMember_label
Diluted NI Available to Com Stockholders,"86,802,000","57,411,000","55,256,000","59,531,000","48,351,000",income statement,Apple,Technology,,,,,ifrs-full_OtherShorttermEmployeeBenefits_label
Basic EPS,-,3.31,2.99,3.00,2.32,income statement,Apple,Technology,,,,,ifrs-full_DisclosureOfEntitysReportableSegmentsExplanatory_label
Diluted EPS,-,3.28,2.97,2.98,2.30,income statement,Apple,Technology,,,,,ifrs-full_FairValueGainLossThatWouldHaveBeenRecognisedInProfitOrLossOrOtherComprehensiveIncomeIfFinancialLiabilitiesHadNotBeenReclassifiedFirstApplicationOfIFRS9_label
Basic Average Shares,-,"17,352,119","18,471,336","19,821,508","20,868,968",income statement,Apple,Technology,,,,,ifrs-full_FinancialAssetsWithModifiedContractualCashFlowsWhileLossAllowanceMeasuredAtLifetimeExpectedCreditLossesForWhichLossAllowanceChangedDuringReportingPeriodTo12monthExpectedCreditLossesGrossCarryingAmount_label
Diluted Average Shares,-,"17,528,214","18,595,652","20,000,436","21,006,768",income statement,Apple,Technology,,,,,ifrs-full_IncreaseDecreaseInAccumulatedDeferredTaxRecognisedInOtherComprehensiveIncomeDueToChangeInTaxRate_label
Total Operating Income as Reported,"99,938,000","66,288,000","63,930,000","70,898,000","61,344,000",income statement,Apple,Technology,,,,,ifrs-full_LoansReceived_label
Total Expenses,"247,217,000","208,227,000","196,244,000","194,697,000","167,890,000",income statement,Apple,Technology,,,,,ifrs-full_CurrentAndDeferredTaxRelatingToItemsChargedOrCreditedDirectlyToEquity_totalLabel
Net Income from Continuing & Discontinued Operation,"86,802,000","57,411,000","55,256,000","59,531,000","48,351,000",income statement,Apple,Technology,,,,,ifrs-full_ExercisePriceOfOutstandingShareOptions2019_label
Normalized Income,"86,802,000","57,411,000","55,256,000","59,531,000","48,351,000",income statement,Apple,Technology,,,,,ifrs-full_DescriptionOfHowIssueCostsNotRecognisedAsExpenseWereRecognisedForTransactionRecognisedSeparatelyFromAcquisitionOfAssetsAndAssumptionOfLiabilitiesInBusinessCombination_label
Interest Income,"2,952,000","3,763,000","4,961,000","5,686,000","5,201,000",income statement,Apple,Technology,,,,,ifrs-full_DescriptionOfAmountsOfAssetsLiabilitiesEquityInterestsOrItemsOfConsiderationForWhichInitialAccountingIsIncomplete_label
Interest Expense,"2,607,000","2,873,000","3,576,000","3,240,000","2,323,000",income statement,Apple,Technology,,,,,ifrs-full_DescriptionOfForecastTransactionHedgeAccountingPreviouslyUsedButNoLongerExpectedToOccur_label
Net Interest Income,"345,000","890,000","1,385,000","2,446,000","2,878,000",income statement,Apple,Technology,,,,,ifrs-full_OtherAssetsMember_label
EBIT,"103,467,000","69,964,000","69,313,000","76,143,000","66,412,000",income statement,Apple,Technology,,,,,ifrs-full_IncreaseDecreaseThroughTransferBetweenRevaluationReserveAndRetainedEarnings_label
EBITDA,"114,464,000",-,-,-,-,income statement,Apple,Technology,,,,,ifrs-full_FinancialAssetsWithContractualCashFlowsModifiedDuringReportingPeriodWhileLossAllowanceMeasuredAtLifetimeExpectedCreditLossesModificationGainLoss_label
Reconciled Cost of Revenue,"204,804,000","169,559,000","161,782,000","163,756,000","141,048,000",income statement,Apple,Technology,,,,,ifrs-full_TransfersOfResearchAndDevelopmentFromEntityRelatedPartyTransactions_label
Reconciled Depreciation,"10,997,000","11,056,000","12,547,000","10,903,000","10,157,000",income statement,Apple,Technology,,,,,ifrs-full_KeyManagementPersonnelCompensationSharebasedPayment_label
Net Income from Continuing Operation Net Minority Interest,"86,802,000","57,411,000","55,256,000","59,531,000","48,351,000",income statement,Apple,Technology,,,,,ifrs-full_ExpenseRecognisedDuringPeriodForBadAndDoubtfulDebtsForRelatedPartyTransaction_label
Normalized EBITDA,"114,464,000","81,020,000","81,860,000","87,046,000","76,569,000",income statement,Apple,Technology,,,,,ifrs-full_BiologicalAssetsByGroupAxis_label
Tax Rate for Calcs,0,0,0,0,0,income statement,Apple,Technology,,,,,ifrs-full_InsuranceContractsByComponentsAxis_label
Tax Effect of Unusual Items,0,0,0,0,0,income statement,Apple,Technology,,,,,ifrs-full_Equity_periodStartLabel
Total Revenue,"4,291,800",,,,,income statement,Axalta Coating Systems Ltd.,Basic Materials,"3,737,600","4,482,200","4,696,000","4,377,000",ifrs-full_FairValueOfInvestmentInJointVenturesWherePriceQuotationsPublished_label
Cost of Revenue,"2,749,200",,,,,income statement,Axalta Coating Systems Ltd.,Basic Materials,"2,457,900","2,917,900","3,106,300","2,779,600",ifrs-full_RefundsProvision_label
Gross Profit,"1,542,600",,,,,income statement,Axalta Coating Systems Ltd.,Basic Materials,"1,279,700","1,564,300","1,589,700","1,597,400",ifrs-full_ExplanationOfRelationshipBetweenAmountsPayableOnDemandThatAriseFromContractsWithinScopeOfIFRS17AndCarryingAmountOfRelatedGroupsOfContracts_label
Operating Expense,"994,700",,,,,income statement,Axalta Coating Systems Ltd.,Basic Materials,"974,200","1,076,100","1,147,600","1,164,200",ifrs-full_AmountByWhichFinancialAssetsRelatedCreditDerivativesOrSimilarInstrumentsMitigateMaximumExposureToCreditRisk_label
Operating Income,"547,900",,,,,income statement,Axalta Coating Systems Ltd.,Basic Materials,"305,500","488,200","442,100","433,200",ifrs-full_AmountRemovedFromReserveOfChangeInValueOfForwardElementsOfForwardContractsAndIncludedInInitialCostOrOtherCarryingAmountOfNonfinancialAssetLiabilityOrFirmCommitmentForWhichFairValueHedgeAccountingIsApplied_negatedLabel
Net Non Operating Interest Income Expense,"-144,200",,,,,income statement,Axalta Coating Systems Ltd.,Basic Materials,"-149,900","-162,600","-159,600","-147,000",ifrs-full_ChangesInGoodwill_totalLabel
Other Income Expense,"-26,300",,,,,income statement,Axalta Coating Systems Ltd.,Basic Materials,"-33,400","4,400","-15,000","-96,600",ifrs-full_DescriptionOfAccountingPolicyForFinanceCostsExplanatory_label
Pretax Income,"377,400",,,,,income statement,Axalta Coating Systems Ltd.,Basic Materials,"122,200","330,000","267,500","189,600",ifrs-full_InsuranceContractsLiabilityAsset_label
Tax Provision,"82,500",,,,,income statement,Axalta Coating Systems Ltd.,Basic Materials,200,"77,400","54,200","141,900",ifrs-full_InterestRateSwapContractMember_label
Net Income Common Stockholders,"293,800",,,,,income statement,Axalta Coating Systems Ltd.,Basic Materials,"121,600","249,000","207,100","36,700",ifrs-full_LeaseReceivablesMember_label
Diluted NI Available to Com Stockholders,"293,800",,,,,income statement,Axalta Coating Systems Ltd.,Basic Materials,"121,600","249,000","207,100","36,700",ifrs-full_DecreaseThroughImpairmentsRegulatoryDeferralAccountDebitBalances_negatedLabel
Basic EPS,-,,,,,income statement,Axalta Coating Systems Ltd.,Basic Materials,0.52,1.06,0.87,0.15,ifrs-full_DisclosureOfEntitysReportableSegmentsExplanatory_label
Diluted EPS,-,,,,,income statement,Axalta Coating Systems Ltd.,Basic Materials,0.52,1.06,0.85,0.15,ifrs-full_FairValueGainLossThatWouldHaveBeenRecognisedInProfitOrLossOrOtherComprehensiveIncomeIfFinancialLiabilitiesHadNotBeenReclassifiedFirstApplicationOfIFRS9_label
Basic Average Shares,-,,,,,income statement,Axalta Coating Systems Ltd.,Basic Materials,"235,200","233,900","239,000","240,400",ifrs-full_FinancialAssetsWithModifiedContractualCashFlowsWhileLossAllowanceMeasuredAtLifetimeExpectedCreditLossesForWhichLossAllowanceChangedDuringReportingPeriodTo12monthExpectedCreditLossesGrossCarryingAmount_label
Diluted Average Shares,-,,,,,income statement,Axalta Coating Systems Ltd.,Basic Materials,"236,000","235,800","242,900","246,100",ifrs-full_IncreaseDecreaseInAccumulatedDeferredTaxRecognisedInOtherComprehensiveIncomeDueToChangeInTaxRate_label
Total Operating Income as Reported,"547,900",,,,,income statement,Axalta Coating Systems Ltd.,Basic Materials,"305,500","488,200","442,100","362,300",ifrs-full_ExplanationOfWhetherPracticalExpedientIsAppliedForDisclosureOfTransactionPriceAllocatedToRemainingPerformanceObligations_label
Total Expenses,"3,743,900",,,,,income statement,Axalta Coating Systems Ltd.,Basic Materials,"3,432,100","3,994,000","4,253,900","3,943,800",ifrs-full_CurrentAndDeferredTaxRelatingToItemsChargedOrCreditedDirectlyToEquity_totalLabel
Net Income from Continuing & Discontinued Operation,"293,800",,,,,income statement,Axalta Coating Systems Ltd.,Basic Materials,"121,600","249,000","207,100","36,700",ifrs-full_ExplanationOfWhetherBreachesWhichPermittedLenderToDemandAcceleratedRepaymentWereRemediedOrTermsOfLoansPayableWereRenegotiatedBeforeFinancialStatementsWereAuthorisedForIssue_label
Normalized Income,"325,837",,,,,income statement,Axalta Coating Systems Ltd.,Basic Materials,"163,117","255,503","222,004","96,280",ifrs-full_DescriptionOfHowIssueCostsNotRecognisedAsExpenseWereRecognisedForTransactionRecognisedSeparatelyFromAcquisitionOfAssetsAndAssumptionOfLiabilitiesInBusinessCombination_label
Interest Expense,"144,200",,,,,income statement,Axalta Coating Systems Ltd.,Basic Materials,"149,900","162,600","159,600","147,000",ifrs-full_DescriptionOfForecastTransactionHedgeAccountingPreviouslyUsedButNoLongerExpectedToOccur_label
Net Interest Income,"-144,200",,,,,income statement,Axalta Coating Systems Ltd.,Basic Materials,"-149,900","-162,600","-159,600","-147,000",ifrs-full_OtherAssetsMember_label
EBIT,"521,600",,,,,income statement,Axalta Coating Systems Ltd.,Basic Materials,"272,100","492,600","427,100","336,600",ifrs-full_IncreaseDecreaseThroughTransferBetweenRevaluationReserveAndRetainedEarnings_label
EBITDA,"834,100",,,,,income statement,Axalta Coating Systems Ltd.,Basic Materials,-,-,-,-,ifrs-full_FinancialAssetsWithContractualCashFlowsModifiedDuringReportingPeriodWhileLossAllowanceMeasuredAtLifetimeExpectedCreditLossesModificationGainLoss_label
Reconciled Cost of Revenue,"2,552,300",,,,,income statement,Axalta Coating Systems Ltd.,Basic Materials,"2,250,800","2,678,000","2,852,600","2,533,300",ifrs-full_MaximumExposureToCreditRiskThatArisesFromContractsWithinScopeOfIFRS17_label
Reconciled Depreciation,"312,500",,,,,income statement,Axalta Coating Systems Ltd.,Basic Materials,"320,300","353,000","369,100","347,500",ifrs-full_KeyManagementPersonnelCompensationSharebasedPayment_label
Net Income from Continuing Operation Net Minority Interest,"293,800",,,,,income statement,Axalta Coating Systems Ltd.,Basic Materials,"121,600","249,000","207,100","36,700",ifrs-full_Equity_periodStartLabel
Total Unusual Items Excluding Goodwill,"-41,000",,,,,income statement,Axalta Coating Systems Ltd.,Basic Materials,"-41,600","-8,500","-18,700","-99,300",ifrs-full_CurrentValueAddedTaxReceivables_label
Total Unusual Items,"-41,000",,,,,income statement,Axalta Coating Systems Ltd.,Basic Materials,"-41,600","-8,500","-18,700","-99,300",ifrs-full_NumberOfSharesIssuedButNotFullyPaid_label
Normalized EBITDA,"875,100",,,,,income statement,Axalta Coating Systems Ltd.,Basic Materials,"634,000","854,100","814,900","783,400",ifrs-full_BiologicalAssetsByGroupAxis_label
Tax Rate for Calcs,0,,,,,income statement,Axalta Coating Systems Ltd.,Basic Materials,0,0,0,0,ifrs-full_DisclosureOfFinancialAssetsAffectedByAmendmentsToIFRS9ForPrepaymentFeaturesWithNegativeCompensationTable_label
Tax Effect of Unusual Items,"-8,963",,,,,income statement,Axalta Coating Systems Ltd.,Basic Materials,-83.2,"-1,997","-3,796","-39,720",ifrs-full_DescriptionOfAmountsOfPropertyOccupiedByEntityIncludedInFairValueOfPlanAssets_label
Total Revenue,"16,978,000",,,,,income statement,Capgemini SE,Technology,"15,848,000","14,125,000","13,197,000","12,792,000",ifrs-full_FairValueOfInvestmentInJointVenturesWherePriceQuotationsPublished_label
Cost of Revenue,"12,513,000",,,,,income statement,Capgemini SE,Technology,"11,712,000","10,274,000","9,627,000","9,408,000",ifrs-full_DescriptionOfNatureOfNoncashAssetsHeldForDistributionToOwnersDeclaredBeforeFinancialStatementsAuthorisedForIssue_label
Gross Profit,"4,465,000",,,,,income statement,Capgemini SE,Technology,"4,136,000","3,851,000","3,570,000","3,384,000",ifrs-full_ExplanationOfRelationshipBetweenAmountsPayableOnDemandThatAriseFromContractsWithinScopeOfIFRS17AndCarryingAmountOfRelatedGroupsOfContracts_label
Operating Expense,"2,505,000",,,,,income statement,Capgemini SE,Technology,"2,378,000","2,286,000","2,159,000","2,032,000",ifrs-full_AmountByWhichFinancialAssetsRelatedCreditDerivativesOrSimilarInstrumentsMitigateMaximumExposureToCreditRisk_label
Operating Income,"1,960,000",,,,,income statement,Capgemini SE,Technology,"1,758,000","1,565,000","1,411,000","1,352,000",ifrs-full_AmountRemovedFromReserveOfChangeInValueOfForwardElementsOfForwardContractsAndIncludedInInitialCostOrOtherCarryingAmountOfNonfinancialAssetLiabilityOrFirmCommitmentForWhichFairValueHedgeAccountingIsApplied_negatedLabel
Net Non Operating Interest Income Expense,"-168,000",,,,,income statement,Capgemini SE,Technology,"-144,000","-62,000","-48,000","-57,000",ifrs-full_ChangesInGoodwill_totalLabel
Pretax Income,"1,569,000",,,,,income statement,Capgemini SE,Technology,"1,355,000","1,354,000","1,171,000","1,111,000",ifrs-full_InsuranceContractsLiabilityAsset_label
Tax Provision,"478,000",,,,,income statement,Capgemini SE,Technology,"400,000","502,000","447,000","303,000",ifrs-full_InterestRateSwapContractMember_label
Net Income Common Stockholders,"1,089,000",,,,,income statement,Capgemini SE,Technology,"957,000","856,000","730,000","820,000",ifrs-full_LeaseReceivablesMember_label
Average Dilution Earnings,-,,,,,income statement,Capgemini SE,Technology,-,-,-,0,ifrs-full_DescriptionOfEffectOfRegulatoryFrameworkOnPlan_label
Diluted NI Available to Com Stockholders,"1,089,000",,,,,income statement,Capgemini SE,Technology,"957,000","856,000","730,000","820,000",ifrs-full_WeightedAverageExercisePriceOfShareOptionsExercisedInSharebasedPaymentArrangement2019_label
Basic EPS,-,,,,,income statement,Capgemini SE,Technology,-,5.15,4.37,4.88,ifrs-full_DisclosureOfEntitysReportableSegmentsExplanatory_label
Diluted EPS,-,,,,,income statement,Capgemini SE,Technology,-,5.00,4.25,4.76,ifrs-full_FairValueGainLossThatWouldHaveBeenRecognisedInProfitOrLossOrOtherComprehensiveIncomeIfFinancialLiabilitiesHadNotBeenReclassifiedFirstApplicationOfIFRS9_label
Basic Average Shares,-,,,,,income statement,Capgemini SE,Technology,-,"166,171","167,088","168,058",ifrs-full_FinancialAssetsWithModifiedContractualCashFlowsWhileLossAllowanceMeasuredAtLifetimeExpectedCreditLossesForWhichLossAllowanceChangedDuringReportingPeriodTo12monthExpectedCreditLossesGrossCarryingAmount_label
Diluted Average Shares,-,,,,,income statement,Capgemini SE,Technology,-,"171,048","171,697","172,082",ifrs-full_IncreaseDecreaseInAccumulatedDeferredTaxRecognisedInOtherComprehensiveIncomeDueToChangeInTaxRate_label
Total Operating Income as Reported,"1,737,000",,,,,income statement,Capgemini SE,Technology,"1,502,000","1,433,000","1,251,000","1,183,000",ifrs-full_InterestReceivedClassifiedAsInvestingActivities_terseLabel
Rent Expense Supplemental,-,,,,,income statement,Capgemini SE,Technology,"185,000","176,000","366,000","357,000",ifrs-full_AmountsPayableOnDemandThatAriseFromContractsWithinScopeOfIFRS17_label
Total Expenses,"15,018,000",,,,,income statement,Capgemini SE,Technology,"14,090,000","12,560,000","11,786,000","11,440,000",ifrs-full_CurrentAndDeferredTaxRelatingToItemsChargedOrCreditedDirectlyToEquity_totalLabel
Net Income from Continuing & Discontinued Operation,"1,089,000",,,,,income statement,Capgemini SE,Technology,"957,000","856,000","730,000","820,000",ifrs-full_ReserveForEqualisation_label
Normalized Income,"1,238,500",,,,,income statement,Capgemini SE,Technology,"1,135,365","930,222","840,622","916,691",ifrs-full_DescriptionOfHowIssueCostsNotRecognisedAsExpenseWereRecognisedForTransactionRecognisedSeparatelyFromAcquisitionOfAssetsAndAssumptionOfLiabilitiesInBusinessCombination_label
Interest Income,"29,000",,,,,income statement,Capgemini SE,Technology,"48,000","62,000","49,000","37,000",ifrs-full_DescriptionOfAmountsOfAssetsLiabilitiesEquityInterestsOrItemsOfConsiderationForWhichInitialAccountingIsIncomplete_label
Interest Expense,"185,000",,,,,income statement,Capgemini SE,Technology,"178,000","114,000","88,000","89,000",ifrs-full_DescriptionOfForecastTransactionHedgeAccountingPreviouslyUsedButNoLongerExpectedToOccur_label
Net Interest Income,"-168,000",,,,,income statement,Capgemini SE,Technology,"-144,000","-62,000","-48,000","-57,000",ifrs-full_OtherAssetsMember_label
EBIT,"1,754,000",,,,,income statement,Capgemini SE,Technology,"1,533,000","1,468,000","1,259,000","1,200,000",ifrs-full_IncreaseDecreaseThroughTransferBetweenRevaluationReserveAndRetainedEarnings_label
EBITDA,"2,440,000",,,,,income statement,Capgemini SE,Technology,-,-,-,-,ifrs-full_FinancialAssetsWithContractualCashFlowsModifiedDuringReportingPeriodWhileLossAllowanceMeasuredAtLifetimeExpectedCreditLossesModificationGainLoss_label
Reconciled Cost of Revenue,"12,513,000",,,,,income statement,Capgemini SE,Technology,"11,712,000","10,274,000","9,627,000","9,408,000",ifrs-full_MaximumExposureToCreditRiskThatArisesFromContractsWithinScopeOfIFRS17_label
Reconciled Depreciation,"686,000",,,,,income statement,Capgemini SE,Technology,"649,000","545,000","302,000","301,000",ifrs-full_KeyManagementPersonnelCompensationSharebasedPayment_label
Net Income from Continuing Operation Net Minority Interest,"1,089,000",,,,,income statement,Capgemini SE,Technology,"957,000","856,000","730,000","820,000",ifrs-full_CashAdvancesAndLoansMadeToRelatedParties_label
Total Unusual Items Excluding Goodwill,"-215,000",,,,,income statement,Capgemini SE,Technology,"-253,000","-118,000","-179,000","-133,000",ifrs-full_CurrentValueAddedTaxReceivables_label
Total Unusual Items,"-215,000",,,,,income statement,Capgemini SE,Technology,"-253,000","-118,000","-179,000","-133,000",ifrs-full_NumberOfSharesIssuedButNotFullyPaid_label
Normalized EBITDA,"2,655,000",,,,,income statement,Capgemini SE,Technology,"2,435,000","2,131,000","1,740,000","1,634,000",ifrs-full_BiologicalAssetsByGroupAxis_label
Tax Rate for Calcs,0,,,,,income statement,Capgemini SE,Technology,0,0,0,0,ifrs-full_DisclosureOfMaturityAnalysisOfFinanceLeasePaymentsReceivableTable_label
Tax Effect of Unusual Items,"-65,500",,,,,income statement,Capgemini SE,Technology,"-74,635","-43,778","-68,378","-36,309",ifrs-full_DescriptionOfAmountsOfPropertyOccupiedByEntityIncludedInFairValueOfPlanAssets_label
Total Revenue,"22,304,000",,,,,income statement,Michelin France,Consumer Cyclical,"20,469,000","24,135,000","22,028,000","21,960,000",ifrs-full_FairValueOfInvestmentInJointVenturesWherePriceQuotationsPublished_label
Cost of Revenue,"15,474,000",,,,,income statement,Michelin France,Consumer Cyclical,"14,754,000","17,053,000","14,912,000","14,815,000",ifrs-full_RestrictedCashAndCashEquivalents_label
Gross Profit,"6,830,000",,,,,income statement,Michelin France,Consumer Cyclical,"5,715,000","7,082,000","7,116,000","7,145,000",ifrs-full_ExplanationOfRelationshipBetweenAmountsPayableOnDemandThatAriseFromContractsWithinScopeOfIFRS17AndCarryingAmountOfRelatedGroupsOfContracts_label
Operating Expense,"3,846,000",,,,,income statement,Michelin France,Consumer Cyclical,"3,968,000","4,071,000","4,383,000","4,395,000",ifrs-full_AmountByWhichFinancialAssetsRelatedCreditDerivativesOrSimilarInstrumentsMitigateMaximumExposureToCreditRisk_label
Operating Income,"2,984,000",,,,,income statement,Michelin France,Consumer Cyclical,"1,747,000","3,011,000","2,733,000","2,750,000",ifrs-full_AmountRemovedFromReserveOfChangeInValueOfForwardElementsOfForwardContractsAndIncludedInInitialCostOrOtherCarryingAmountOfNonfinancialAssetLiabilityOrFirmCommitmentForWhichFairValueHedgeAccountingIsApplied_negatedLabel
Net Non Operating Interest Income Expense,"-278,000",,,,,income statement,Michelin France,Consumer Cyclical,"-304,000","-407,000","-266,000","-280,000",ifrs-full_ChangesInGoodwill_totalLabel
Pretax Income,"2,333,000",,,,,income statement,Michelin France,Consumer Cyclical,"979,000","2,236,000","2,230,000","2,354,000",ifrs-full_InsuranceContractsLiabilityAsset_label
Tax Provision,"539,000",,,,,income statement,Michelin France,Consumer Cyclical,"354,000","506,000","570,000","661,000",ifrs-full_InterestRateSwapContractMember_label
Net Income Common Stockholders,"1,786,000",,,,,income statement,Michelin France,Consumer Cyclical,"628,000","1,740,000","1,665,000","1,689,000",ifrs-full_LeaseReceivablesMember_label
Average Dilution Earnings,-,,,,,income statement,Michelin France,Consumer Cyclical,-,-,0,0,ifrs-full_DescriptionOfEffectOfRegulatoryFrameworkOnPlan_label
Diluted NI Available to Com Stockholders,"1,786,000",,,,,income statement,Michelin France,Consumer Cyclical,"628,000","1,740,000","1,665,000","1,689,000",ifrs-full_OtherShorttermEmployeeBenefits_label
Basic EPS,-,,,,,income statement,Michelin France,Consumer Cyclical,3.52,9.69,9.30,9.39,ifrs-full_DisclosureOfEntitysReportableSegmentsExplanatory_label
Diluted EPS,-,,,,,income statement,Michelin France,Consumer Cyclical,3.51,9.66,9.25,9.34,ifrs-full_FairValueGainLossThatWouldHaveBeenRecognisedInProfitOrLossOrOtherComprehensiveIncomeIfFinancialLiabilitiesHadNotBeenReclassifiedFirstApplicationOfIFRS9_label
Basic Average Shares,-,,,,,income statement,Michelin France,Consumer Cyclical,"178,310","179,512","178,990","179,889",ifrs-full_FinancialAssetsWithModifiedContractualCashFlowsWhileLossAllowanceMeasuredAtLifetimeExpectedCreditLossesForWhichLossAllowanceChangedDuringReportingPeriodTo12monthExpectedCreditLossesGrossCarryingAmount_label
Diluted Average Shares,-,,,,,income statement,Michelin France,Consumer Cyclical,"179,170","180,153","179,976","180,835",ifrs-full_IncreaseDecreaseInAccumulatedDeferredTaxRecognisedInOtherComprehensiveIncomeDueToChangeInTaxRate_label
Total Operating Income as Reported,"2,663,000",,,,,income statement,Michelin France,Consumer Cyclical,"1,403,000","2,691,000","2,550,000","2,631,000",ifrs-full_DividendsProposedOrDeclaredBeforeFinancialStatementsAuthorisedForIssueButNotRecognisedAsDistributionToOwners_label
Total Expenses,"19,320,000",,,,,income statement,Michelin France,Consumer Cyclical,"18,722,000","21,124,000","19,295,000","19,210,000",ifrs-full_CurrentAndDeferredTaxRelatingToItemsChargedOrCreditedDirectlyToEquity_totalLabel
Net Income from Continuing & Discontinued Operation,"1,796,000",,,,,income statement,Michelin France,Consumer Cyclical,"632,000","1,751,000","1,677,000","1,700,000",ifrs-full_ExplanationOfWhetherBreachesWhichPermittedLenderToDemandAcceleratedRepaymentWereRemediedOrTermsOfLoansPayableWereRenegotiatedBeforeFinancialStatementsWereAuthorisedForIssue_label
Normalized Income,"1,991,318",,,,,income statement,Michelin France,Consumer Cyclical,"844,454","2,011,838","1,813,896","1,783,404",ifrs-full_DescriptionOfHowIssueCostsNotRecognisedAsExpenseWereRecognisedForTransactionRecognisedSeparatelyFromAcquisitionOfAssetsAndAssumptionOfLiabilitiesInBusinessCombination_label
Interest Income,-,,,,,income statement,Michelin France,Consumer Cyclical,0,"4,000","2,000","5,000",ifrs-full_DescriptionOfAmountsOfAssetsLiabilitiesEquityInterestsOrItemsOfConsiderationForWhichInitialAccountingIsIncomplete_label
Interest Expense,"257,000",,,,,income statement,Michelin France,Consumer Cyclical,"286,000","396,000","285,000","275,000",ifrs-full_DescriptionOfForecastTransactionHedgeAccountingPreviouslyUsedButNoLongerExpectedToOccur_label
Net Interest Income,"-278,000",,,,,income statement,Michelin France,Consumer Cyclical,"-304,000","-407,000","-266,000","-280,000",ifrs-full_OtherAssetsMember_label
EBIT,"2,590,000",,,,,income statement,Michelin France,Consumer Cyclical,"1,265,000","2,632,000","2,515,000","2,629,000",ifrs-full_IncreaseDecreaseThroughTransferBetweenRevaluationReserveAndRetainedEarnings_label
EBITDA,"4,400,000",,,,,income statement,Michelin France,Consumer Cyclical,-,-,-,-,ifrs-full_FinancialAssetsWithContractualCashFlowsModifiedDuringReportingPeriodWhileLossAllowanceMeasuredAtLifetimeExpectedCreditLossesModificationGainLoss_label
Reconciled Cost of Revenue,"15,474,000",,,,,income statement,Michelin France,Consumer Cyclical,"14,754,000","17,053,000","14,912,000","14,815,000",ifrs-full_WeightedAverageExercisePriceOfShareOptionsExpiredInSharebasedPaymentArrangement2019_label
Reconciled Depreciation,"1,810,000",,,,,income statement,Michelin France,Consumer Cyclical,"1,840,000","1,845,000","1,344,000","1,345,000",ifrs-full_KeyManagementPersonnelCompensationSharebasedPayment_label
Net Income from Continuing Operation Net Minority Interest,"1,796,000",,,,,income statement,Michelin France,Consumer Cyclical,"632,000","1,751,000","1,677,000","1,700,000",ifrs-full_AdjustmentsForDeferredTaxOfPriorPeriods_label
Total Unusual Items Excluding Goodwill,"-254,000",,,,,income statement,Michelin France,Consumer Cyclical,"-333,000","-337,000","-184,000","-116,000",ifrs-full_CurrentValueAddedTaxReceivables_label
Total Unusual Items,"-254,000",,,,,income statement,Michelin France,Consumer Cyclical,"-333,000","-337,000","-184,000","-116,000",ifrs-full_NumberOfSharesIssuedButNotFullyPaid_label
Normalized EBITDA,"4,654,000",,,,,income statement,Michelin France,Consumer Cyclical,"3,438,000","4,814,000","4,043,000","4,090,000",ifrs-full_BiologicalAssetsByGroupAxis_label
Tax Rate for Calcs,0,,,,,income statement,Michelin France,Consumer Cyclical,0,0,0,0,ifrs-full_InsuranceContractsByComponentsAxis_label
Tax Effect of Unusual Items,"-58,682",,,,,income statement,Michelin France,Consumer Cyclical,"-120,546","-76,162","-47,104","-32,596",ifrs-full_OtherAssetsAmountContributedToFairValueOfPlanAssets_label
Total Revenue,"22,868,314",,,,,income statement,NIO Inc.,Consumer Cyclical,"16,257,933","7,824,904","4,951,171",0,ifrs-full_FairValueOfInvestmentInJointVenturesWherePriceQuotationsPublished_label
Cost of Revenue,"19,272,610",,,,,income statement,NIO Inc.,Consumer Cyclical,"14,384,514","9,023,726","5,207,047",-,ifrs-full_CashAndCashEquivalents_label
Gross Profit,"3,595,704",,,,,income statement,NIO Inc.,Consumer Cyclical,"1,873,419","-1,198,822","-255,876",0,ifrs-full_ExplanationOfRelationshipBetweenAmountsPayableOnDemandThatAriseFromContractsWithinScopeOfIFRS17AndCarryingAmountOfRelatedGroupsOfContracts_label
Operating Expense,"6,929,005",,,,,income statement,NIO Inc.,Consumer Cyclical,"6,481,064","9,880,367","9,339,732","4,953,596",ifrs-full_AmountByWhichFinancialAssetsRelatedCreditDerivativesOrSimilarInstrumentsMitigateMaximumExposureToCreditRisk_label
Operating Income,"-3,333,301",,,,,income statement,NIO Inc.,Consumer Cyclical,"-4,607,645","-11,079,189","-9,595,608","-4,953,596",ifrs-full_AmountRemovedFromReserveOfChangeInValueOfForwardElementsOfForwardContractsAndIncludedInInitialCostOrOtherCarryingAmountOfNonfinancialAssetLiabilityOrFirmCommitmentForWhichFairValueHedgeAccountingIsApplied_negatedLabel
Net Non Operating Interest Income Expense,"-470,402",,,,,income statement,NIO Inc.,Consumer Cyclical,"-259,111","-210,257","9,741",886,ifrs-full_ChangesInGoodwill_totalLabel
Other Income Expense,"-250,768",,,,,income statement,NIO Inc.,Consumer Cyclical,"-430,958","1,682","-31,068","-60,558",ifrs-full_DescriptionOfAccountingPolicyForFinanceCostsExplanatory_label
Pretax Income,"-4,054,471",,,,,income statement,NIO Inc.,Consumer Cyclical,"-5,297,714","-11,287,764","-9,616,935","-5,013,268",ifrs-full_InsuranceContractsLiabilityAsset_label
Tax Provision,"8,851",,,,,income statement,NIO Inc.,Consumer Cyclical,"6,368","7,888","22,044","7,906",ifrs-full_InterestRateSwapContractMember_label
Net Income Common Stockholders,"-8,762,913",,,,,income statement,NIO Inc.,Consumer Cyclical,"-5,610,790","-11,413,101","-23,327,862","-7,561,669",ifrs-full_LeaseReceivablesMember_label
Diluted NI Available to Com Stockholders,"-8,762,913",,,,,income statement,NIO Inc.,Consumer Cyclical,"-5,610,790","-11,413,101","-23,327,862","-7,561,669",ifrs-full_CancellationOfTreasuryShares_label
Basic EPS,-,,,,,income statement,NIO Inc.,Consumer Cyclical,-4.74,-11.08,-70.23,-7.37,ifrs-full_DisclosureOfEntitysReportableSegmentsExplanatory_label
Diluted EPS,-,,,,,income statement,NIO Inc.,Consumer Cyclical,-4.74,-11.08,-70.23,-7.37,ifrs-full_FairValueGainLossThatWouldHaveBeenRecognisedInProfitOrLossOrOtherComprehensiveIncomeIfFinancialLiabilitiesHadNotBeenReclassifiedFirstApplicationOfIFRS9_label
Basic Average Shares,-,,,,,income statement,NIO Inc.,Consumer Cyclical,"1,182,661","1,029,932","332,153","1,026,010",ifrs-full_FinancialAssetsWithModifiedContractualCashFlowsWhileLossAllowanceMeasuredAtLifetimeExpectedCreditLossesForWhichLossAllowanceChangedDuringReportingPeriodTo12monthExpectedCreditLossesGrossCarryingAmount_label
Diluted Average Shares,-,,,,,income statement,NIO Inc.,Consumer Cyclical,"1,182,661","1,029,932","332,153","1,026,010",ifrs-full_IncreaseDecreaseInAccumulatedDeferredTaxRecognisedInOtherComprehensiveIncomeDueToChangeInTaxRate_label
Total Operating Income as Reported,"-3,333,301",,,,,income statement,NIO Inc.,Consumer Cyclical,"-4,607,645","-11,079,189","-9,595,608","-4,953,596",ifrs-full_InterestReceivedClassifiedAsInvestingActivities_terseLabel
Rent Expense Supplemental,-,,,,,income statement,NIO Inc.,Consumer Cyclical,"498,601","737,578","450,113","216,111",ifrs-full_AmountsPayableOnDemandThatAriseFromContractsWithinScopeOfIFRS17_label
Total Expenses,"26,201,615",,,,,income statement,NIO Inc.,Consumer Cyclical,"20,865,578","18,904,093","14,546,779","4,953,596",ifrs-full_CurrentAndDeferredTaxRelatingToItemsChargedOrCreditedDirectlyToEquity_totalLabel
Net Income from Continuing & Discontinued Operation,"-4,058,808",,,,,income statement,NIO Inc.,Consumer Cyclical,"-5,299,120","-11,286,511","-9,597,274","-4,984,734",ifrs-full_ExercisePriceOfOutstandingShareOptions2019_label
Normalized Income,"-4,058,808",,,,,income statement,NIO Inc.,Consumer Cyclical,"-5,299,120","-11,286,511","-9,597,274","-4,987,357",ifrs-full_DescriptionOfHowIssueCostsNotRecognisedAsExpenseWereRecognisedForTransactionRecognisedSeparatelyFromAcquisitionOfAssetsAndAssumptionOfLiabilitiesInBusinessCombination_label
Interest Income,"268,873",,,,,income statement,NIO Inc.,Consumer Cyclical,"166,904","160,279","133,384","18,970",ifrs-full_DescriptionOfAmountsOfAssetsLiabilitiesEquityInterestsOrItemsOfConsiderationForWhichInitialAccountingIsIncomplete_label
Interest Expense,"739,275",,,,,income statement,NIO Inc.,Consumer Cyclical,"426,015","370,536","123,643","18,084",ifrs-full_DescriptionOfForecastTransactionHedgeAccountingPreviouslyUsedButNoLongerExpectedToOccur_label
Net Interest Income,"-470,402",,,,,income statement,NIO Inc.,Consumer Cyclical,"-259,111","-210,257","9,741",886,ifrs-full_OtherAssetsMember_label
EBIT,"-3,315,196",,,,,income statement,NIO Inc.,Consumer Cyclical,"-4,871,699","-10,917,228","-9,493,292","-4,995,184",ifrs-full_IncreaseDecreaseThroughTransferBetweenRevaluationReserveAndRetainedEarnings_label
EBITDA,"-3,315,196",,,,,income statement,NIO Inc.,Consumer Cyclical,-,-,-,-,ifrs-full_FinancialAssetsWithContractualCashFlowsModifiedDuringReportingPeriodWhileLossAllowanceMeasuredAtLifetimeExpectedCreditLossesModificationGainLoss_label
Reconciled Cost of Revenue,"19,272,610",,,,,income statement,NIO Inc.,Consumer Cyclical,"13,164,271","7,960,117","4,982,589",-,ifrs-full_TransfersOfResearchAndDevelopmentFromEntityRelatedPartyTransactions_label
Reconciled Depreciation,-,,,,,income statement,NIO Inc.,Consumer Cyclical,"1,545,721","1,520,973","474,223","167,858",ifrs-full_KeyManagementPersonnelCompensationSharebasedPayment_label
Net Income from Continuing Operation Net Minority Interest,"-4,058,808",,,,,income statement,NIO Inc.,Consumer Cyclical,"-5,299,120","-11,286,511","-9,597,274","-4,984,734",ifrs-full_DilutedEarningsLossPerShareFromDiscontinuedOperations_label
Total Unusual Items Excluding Goodwill,-,,,,,income statement,NIO Inc.,Consumer Cyclical,-,-,-,"3,498",ifrs-full_CurrentValueAddedTaxReceivables_label
Total Unusual Items,-,,,,,income statement,NIO Inc.,Consumer Cyclical,-,-,-,"3,498",ifrs-full_NumberOfSharesIssuedButNotFullyPaid_label
Normalized EBITDA,"-3,315,196",,,,,income statement,NIO Inc.,Consumer Cyclical,"-3,325,978","-9,396,255","-9,019,069","-4,830,824",ifrs-full_BiologicalAssetsByGroupAxis_label
Tax Rate for Calcs,0,,,,,income statement,NIO Inc.,Consumer Cyclical,0,0,0,0,ifrs-full_BorrowingCostsAbstract_label
Tax Effect of Unusual Items,0,,,,,income statement,NIO Inc.,Consumer Cyclical,0,0,0,874.5,ifrs-full_DescriptionOfAmountsOfPropertyOccupiedByEntityIncludedInFairValueOfPlanAssets_label
Total Revenue,86.07,,,,,income statement,PWCO,Utilities,189.965,757.639,"1,110",955.938,ifrs-full_FairValueOfInvestmentInJointVenturesWherePriceQuotationsPublished_label
Operating Expense,217.999,,,,,income statement,PWCO,Utilities,302.021,"1,207","1,438","1,629",ifrs-full_AmountByWhichFinancialAssetsRelatedCreditDerivativesOrSimilarInstrumentsMitigateMaximumExposureToCreditRisk_label
Operating Income,-131.929,,,,,income statement,PWCO,Utilities,-112.056,-449.421,-328.28,-673.308,ifrs-full_AmountRemovedFromReserveOfChangeInValueOfForwardElementsOfForwardContractsAndIncludedInInitialCostOrOtherCarryingAmountOfNonfinancialAssetLiabilityOrFirmCommitmentForWhichFairValueHedgeAccountingIsApplied_negatedLabel
Other Income Expense,-,,,,,income statement,PWCO,Utilities,-,-,-,-20.307,ifrs-full_DescriptionOfAccountingPolicyForFinanceCostsExplanatory_label
Pretax Income,-131.929,,,,,income statement,PWCO,Utilities,-112.056,-449.421,-328.28,-693.615,ifrs-full_InsuranceContractsLiabilityAsset_label
Net Income Common Stockholders,-131.929,,,,,income statement,PWCO,Utilities,-112.056,-449.421,-328.28,-693.615,ifrs-full_LeaseReceivablesMember_label
Diluted NI Available to Com Stockholders,-131.929,,,,,income statement,PWCO,Utilities,-112.056,-449.421,-328.28,-693.615,ifrs-full_PurchaseOfOtherLongtermAssetsClassifiedAsInvestingActivities_negatedTerseLabel
Basic EPS,-,,,,,income statement,PWCO,Utilities,-0.00,-0.00,-0.00,-0.00,ifrs-full_DisclosureOfEntitysReportableSegmentsExplanatory_label
Diluted EPS,-,,,,,income statement,PWCO,Utilities,-0.00,-0.00,-0.00,-0.00,ifrs-full_FairValueGainLossThatWouldHaveBeenRecognisedInProfitOrLossOrOtherComprehensiveIncomeIfFinancialLiabilitiesHadNotBeenReclassifiedFirstApplicationOfIFRS9_label
Basic Average Shares,-,,,,,income statement,PWCO,Utilities,"210,343","210,343","208,541","202,552",ifrs-full_FinancialAssetsWithModifiedContractualCashFlowsWhileLossAllowanceMeasuredAtLifetimeExpectedCreditLossesForWhichLossAllowanceChangedDuringReportingPeriodTo12monthExpectedCreditLossesGrossCarryingAmount_label
Diluted Average Shares,-,,,,,income statement,PWCO,Utilities,"210,343","210,343","208,541","202,552",ifrs-full_IncreaseDecreaseInAccumulatedDeferredTaxRecognisedInOtherComprehensiveIncomeDueToChangeInTaxRate_label
Total Expenses,217.999,,,,,income statement,PWCO,Utilities,302.021,"1,207","1,438","1,629",ifrs-full_CurrentAndDeferredTaxRelatingToItemsChargedOrCreditedDirectlyToEquity_totalLabel
Net Income from Continuing & Discontinued Operation,-131.929,,,,,income statement,PWCO,Utilities,-112.056,-449.421,-328.28,-693.615,ifrs-full_ReserveForEqualisation_label
Normalized Income,-131.929,,,,,income statement,PWCO,Utilities,-112.056,-449.421,-328.28,-673.308,ifrs-full_DescriptionOfHowIssueCostsNotRecognisedAsExpenseWereRecognisedForTransactionRecognisedSeparatelyFromAcquisitionOfAssetsAndAssumptionOfLiabilitiesInBusinessCombination_label
EBIT,-131.929,,,,,income statement,PWCO,Utilities,-112.056,-449.421,-328.28,-673.308,ifrs-full_IncreaseDecreaseThroughTransferBetweenRevaluationReserveAndRetainedEarnings_label
EBITDA,-114.873,,,,,income statement,PWCO,Utilities,-,-,-,-,ifrs-full_FinancialAssetsWithContractualCashFlowsModifiedDuringReportingPeriodWhileLossAllowanceMeasuredAtLifetimeExpectedCreditLossesModificationGainLoss_label
Reconciled Depreciation,17.056,,,,,income statement,PWCO,Utilities,18.114,21.288,21.288,6.697,ifrs-full_KeyManagementPersonnelCompensationSharebasedPayment_label
Net Income from Continuing Operation Net Minority Interest,-131.929,,,,,income statement,PWCO,Utilities,-112.056,-449.421,-328.28,-693.615,ifrs-full_LoansReceived_label
Total Unusual Items Excluding Goodwill,-,,,,,income statement,PWCO,Utilities,-,-,0,-20.307,ifrs-full_CurrentValueAddedTaxReceivables_label
Total Unusual Items,-,,,,,income statement,PWCO,Utilities,-,-,0,-20.307,ifrs-full_NumberOfSharesIssuedButNotFullyPaid_label
Normalized EBITDA,-114.873,,,,,income statement,PWCO,Utilities,-93.942,-428.133,-306.992,-646.304,ifrs-full_BiologicalAssetsByGroupAxis_label
Tax Rate for Calcs,0,,,,,income statement,PWCO,Utilities,0,0,0,0,ifrs-full_InsuranceContractsByComponentsAxis_label
Tax Effect of Unusual Items,0,,,,,income statement,PWCO,Utilities,0,0,0,0,ifrs-full_OtherComprehensiveIncomeAttributableToNoncontrollingInterests_label
Total Revenue,"2,657,100",,,,,income statement,Tarkett S.A.,Industrials,"2,632,900","2,991,900","2,836,100","2,841,100",ifrs-full_FairValueOfInvestmentInJointVenturesWherePriceQuotationsPublished_label
Cost of Revenue,"2,060,500",,,,,income statement,Tarkett S.A.,Industrials,"2,054,100","2,321,700","2,183,700","2,138,100",ifrs-full_RepurchaseAgreementsAndCashCollateralOnSecuritiesLent_label
Gross Profit,"596,600",,,,,income statement,Tarkett S.A.,Industrials,"578,800","670,200","652,400","703,000",ifrs-full_ExplanationOfRelationshipBetweenAmountsPayableOnDemandThatAriseFromContractsWithinScopeOfIFRS17AndCarryingAmountOfRelatedGroupsOfContracts_label
Operating Expense,"479,800",,,,,income statement,Tarkett S.A.,Industrials,"535,600","576,300","546,300","525,500",ifrs-full_AmountByWhichFinancialAssetsRelatedCreditDerivativesOrSimilarInstrumentsMitigateMaximumExposureToCreditRisk_label
Operating Income,"116,800",,,,,income statement,Tarkett S.A.,Industrials,"43,200","93,900","106,100","177,500",ifrs-full_AmountRemovedFromReserveOfChangeInValueOfForwardElementsOfForwardContractsAndIncludedInInitialCostOrOtherCarryingAmountOfNonfinancialAssetLiabilityOrFirmCommitmentForWhichFairValueHedgeAccountingIsApplied_negatedLabel
Net Non Operating Interest Income Expense,"-30,900",,,,,income statement,Tarkett S.A.,Industrials,"-26,500","-33,600","-24,100","-19,800",ifrs-full_ChangesInGoodwill_totalLabel
Pretax Income,"84,200",,,,,income statement,Tarkett S.A.,Industrials,"12,400","53,800","68,600","-7,700",ifrs-full_InsuranceContractsLiabilityAsset_label
Tax Provision,"38,200",,,,,income statement,Tarkett S.A.,Industrials,"31,500","14,200","18,500","30,300",ifrs-full_InterestRateSwapContractMember_label
Net Income Common Stockholders,"46,100",,,,,income statement,Tarkett S.A.,Industrials,"-19,100","39,600","49,300","-38,700",ifrs-full_LeaseReceivablesMember_label
Diluted NI Available to Com Stockholders,"46,100",,,,,income statement,Tarkett S.A.,Industrials,"-19,100","39,600","49,300","-38,700",ifrs-full_PurchaseOfOtherLongtermAssetsClassifiedAsInvestingActivities_negatedTerseLabel
Basic EPS,-,,,,,income statement,Tarkett S.A.,Industrials,-0.29,0.62,0.78,-0.61,ifrs-full_DisclosureOfEntitysReportableSegmentsExplanatory_label
Diluted EPS,-,,,,,income statement,Tarkett S.A.,Industrials,-0.29,0.61,0.77,-0.61,ifrs-full_FairValueGainLossThatWouldHaveBeenRecognisedInProfitOrLossOrOtherComprehensiveIncomeIfFinancialLiabilitiesHadNotBeenReclassifiedFirstApplicationOfIFRS9_label
Basic Average Shares,-,,,,,income statement,Tarkett S.A.,Industrials,"65,076","64,280","63,289","63,306",ifrs-full_FinancialAssetsWithModifiedContractualCashFlowsWhileLossAllowanceMeasuredAtLifetimeExpectedCreditLossesForWhichLossAllowanceChangedDuringReportingPeriodTo12monthExpectedCreditLossesGrossCarryingAmount_label
Diluted Average Shares,-,,,,,income statement,Tarkett S.A.,Industrials,"65,076","64,625","63,659","63,688",ifrs-full_IncreaseDecreaseInAccumulatedDeferredTaxRecognisedInOtherComprehensiveIncomeDueToChangeInTaxRate_label
Total Operating Income as Reported,"121,200",,,,,income statement,Tarkett S.A.,Industrials,"47,400","96,600","106,600","12,700",ifrs-full_DisclosureOfFinancialAssetsToWhichOverlayApproachIsAppliedForJointVenturesExplanatory_label
Total Expenses,"2,540,300",,,,,income statement,Tarkett S.A.,Industrials,"2,589,700","2,898,000","2,730,000","2,663,600",ifrs-full_CurrentAndDeferredTaxRelatingToItemsChargedOrCreditedDirectlyToEquity_totalLabel
Net Income from Continuing & Discontinued Operation,"46,100",,,,,income statement,Tarkett S.A.,Industrials,"-19,100","39,600","49,300","-38,700",ifrs-full_ExplanationOfWhetherPracticalExpedientIsAppliedForDisclosureOfTransactionPriceAllocatedToRemainingPerformanceObligations_label
Normalized Income,"45,500",,,,,income statement,Tarkett S.A.,Industrials,"-19,100","41,894","49,831","71,772",ifrs-full_DescriptionOfHowIssueCostsNotRecognisedAsExpenseWereRecognisedForTransactionRecognisedSeparatelyFromAcquisitionOfAssetsAndAssumptionOfLiabilitiesInBusinessCombination_label
Interest Income,-200,,,,,income statement,Tarkett S.A.,Industrials,400,"1,100",700,"1,000",ifrs-full_DescriptionOfAmountsOfAssetsLiabilitiesEquityInterestsOrItemsOfConsiderationForWhichInitialAccountingIsIncomplete_label
Interest Expense,"16,900",,,,,income statement,Tarkett S.A.,Industrials,"19,900","28,300","20,500","16,000",ifrs-full_DescriptionOfForecastTransactionHedgeAccountingPreviouslyUsedButNoLongerExpectedToOccur_label
Net Interest Income,"-30,900",,,,,income statement,Tarkett S.A.,Industrials,"-26,500","-33,600","-24,100","-19,800",ifrs-full_OtherAssetsMember_label
EBIT,"101,100",,,,,income statement,Tarkett S.A.,Industrials,"32,300","82,100","89,100","8,300",ifrs-full_IncreaseDecreaseThroughTransferBetweenRevaluationReserveAndRetainedEarnings_label
EBITDA,"249,600",,,,,income statement,Tarkett S.A.,Industrials,-,-,-,-,ifrs-full_FinancialAssetsWithContractualCashFlowsModifiedDuringReportingPeriodWhileLossAllowanceMeasuredAtLifetimeExpectedCreditLossesModificationGainLoss_label
Reconciled Cost of Revenue,"2,060,500",,,,,income statement,Tarkett S.A.,Industrials,"2,054,100","2,321,700","2,183,700","2,138,100",ifrs-full_TransfersOfResearchAndDevelopmentFromEntityRelatedPartyTransactions_label
Reconciled Depreciation,"148,500",,,,,income statement,Tarkett S.A.,Industrials,"211,100","158,100","121,500","122,300",ifrs-full_KeyManagementPersonnelCompensationSharebasedPayment_label
Net Income from Continuing Operation Net Minority Interest,"46,100",,,,,income statement,Tarkett S.A.,Industrials,"-19,100","39,600","49,300","-38,700",ifrs-full_LoansReceived_label
Total Unusual Items Excluding Goodwill,"1,000",,,,,income statement,Tarkett S.A.,Industrials,0,"-3,200",-700,"-165,700",ifrs-full_CurrentValueAddedTaxReceivables_label
Total Unusual Items,"1,000",,,,,income statement,Tarkett S.A.,Industrials,0,"-3,200",-700,"-165,700",ifrs-full_NumberOfSharesIssuedButNotFullyPaid_label
Normalized EBITDA,"248,600",,,,,income statement,Tarkett S.A.,Industrials,"243,400","243,400","211,300","296,300",ifrs-full_BiologicalAssetsByGroupAxis_label
Tax Rate for Calcs,0,,,,,income statement,Tarkett S.A.,Industrials,0,0,0,0,ifrs-full_NoncontrollingInterests_label
Tax Effect of Unusual Items,400,,,,,income statement,Tarkett S.A.,Industrials,0,-905.6,-169.4,"-55,228",ifrs-full_FinancialAssetsDescribedInParagraph39EaOfIFRS4CarryingAmountApplyingIAS39_label
Total Revenue,"8,383,178",,,,,income statement,XPeng Inc.,Consumer Cyclical,"5,844,321","2,321,219","9,706",,ifrs-full_FairValueOfInvestmentInJointVenturesWherePriceQuotationsPublished_label
Cost of Revenue,"7,767,475",,,,,income statement,XPeng Inc.,Consumer Cyclical,"5,578,332","2,879,360","12,067",,ifrs-full_LoansReceived_label
Gross Profit,"615,703",,,,,income statement,XPeng Inc.,Consumer Cyclical,"265,989","-558,141","-2,361",,ifrs-full_ExplanationOfRelationshipBetweenAmountsPayableOnDemandThatAriseFromContractsWithinScopeOfIFRS17AndCarryingAmountOfRelatedGroupsOfContracts_label
Operating Expense,"5,164,089",,,,,income statement,XPeng Inc.,Consumer Cyclical,"4,559,725","3,222,433","1,692,273",,ifrs-full_AmountByWhichFinancialAssetsRelatedCreditDerivativesOrSimilarInstrumentsMitigateMaximumExposureToCreditRisk_label
Operating Income,"-4,548,386",,,,,income statement,XPeng Inc.,Consumer Cyclical,"-4,293,736","-3,780,574","-1,694,634",,ifrs-full_AmountRemovedFromReserveOfChangeInValueOfForwardElementsOfForwardContractsAndIncludedInInitialCostOrOtherCarryingAmountOfNonfinancialAssetLiabilityOrFirmCommitmentForWhichFairValueHedgeAccountingIsApplied_negatedLabel
Net Non Operating Interest Income Expense,"242,165",,,,,income statement,XPeng Inc.,Consumer Cyclical,"110,585","56,826","59,554",,ifrs-full_ChangesInGoodwill_totalLabel
Other Income Expense,"1,438,659",,,,,income statement,XPeng Inc.,Consumer Cyclical,"1,452,389","32,076","236,257",,ifrs-full_DescriptionOfAccountingPolicyForFinanceCostsExplanatory_label
Pretax Income,"-2,867,562",,,,,income statement,XPeng Inc.,Consumer Cyclical,"-2,730,762","-3,691,672","-1,398,823",,ifrs-full_InsuranceContractsLiabilityAsset_label
Tax Provision,"1,223",,,,,income statement,XPeng Inc.,Consumer Cyclical,"1,223",1,0,,ifrs-full_InterestRateSwapContractMember_label
Net Income Common Stockholders,"-4,741,236",,,,,income statement,XPeng Inc.,Consumer Cyclical,"-4,889,729","-3,719,352","-2,254,864",,ifrs-full_LeaseReceivablesMember_label
Diluted NI Available to Com Stockholders,"-4,741,236",,,,,income statement,XPeng Inc.,Consumer Cyclical,"-4,889,729","-3,719,352","-2,254,864",,ifrs-full_RetainedEarnings_totalLabel
Basic EPS,-,,,,,income statement,XPeng Inc.,Consumer Cyclical,-12.96,-8.76,-2.84,,ifrs-full_DisclosureOfEntitysReportableSegmentsExplanatory_label
Diluted EPS,-,,,,,income statement,XPeng Inc.,Consumer Cyclical,-12.96,-8.76,-2.84,,ifrs-full_FairValueGainLossThatWouldHaveBeenRecognisedInProfitOrLossOrOtherComprehensiveIncomeIfFinancialLiabilitiesHadNotBeenReclassifiedFirstApplicationOfIFRS9_label
Basic Average Shares,-,,,,,income statement,XPeng Inc.,Consumer Cyclical,"377,135","424,755","793,359",,ifrs-full_FinancialAssetsWithModifiedContractualCashFlowsWhileLossAllowanceMeasuredAtLifetimeExpectedCreditLossesForWhichLossAllowanceChangedDuringReportingPeriodTo12monthExpectedCreditLossesGrossCarryingAmount_label
Diluted Average Shares,-,,,,,income statement,XPeng Inc.,Consumer Cyclical,"377,135","424,755","793,359",,ifrs-full_IncreaseDecreaseInAccumulatedDeferredTaxRecognisedInOtherComprehensiveIncomeDueToChangeInTaxRate_label
Total Operating Income as Reported,"-4,548,386",,,,,income statement,XPeng Inc.,Consumer Cyclical,"-4,293,736","-3,780,574","-1,694,634",,ifrs-full_AmountsPayableRelatedPartyTransactions_label
Total Expenses,"12,931,564",,,,,income statement,XPeng Inc.,Consumer Cyclical,"10,138,057","6,101,793","1,704,340",,ifrs-full_CurrentAndDeferredTaxRelatingToItemsChargedOrCreditedDirectlyToEquity_totalLabel
Net Income from Continuing & Discontinued Operation,"-2,868,785",,,,,income statement,XPeng Inc.,Consumer Cyclical,"-2,731,985","-3,691,673","-1,398,823",,ifrs-full_ReclassificationAdjustmentsOnCashFlowHedgesNetOfTax_label
Normalized Income,"-3,687,896",,,,,income statement,XPeng Inc.,Consumer Cyclical,"-3,753,504","-3,712,432","-1,653,184",,ifrs-full_DescriptionOfHowIssueCostsNotRecognisedAsExpenseWereRecognisedForTransactionRecognisedSeparatelyFromAcquisitionOfAssetsAndAssumptionOfLiabilitiesInBusinessCombination_label
Interest Income,"257,480",,,,,income statement,XPeng Inc.,Consumer Cyclical,"133,036","88,843","65,376",,ifrs-full_DescriptionOfAmountsOfAssetsLiabilitiesEquityInterestsOrItemsOfConsiderationForWhichInitialAccountingIsIncomplete_label
Interest Expense,"15,315",,,,,income statement,XPeng Inc.,Consumer Cyclical,"22,451","32,017","5,822",,ifrs-full_DescriptionOfForecastTransactionHedgeAccountingPreviouslyUsedButNoLongerExpectedToOccur_label
Net Interest Income,"242,165",,,,,income statement,XPeng Inc.,Consumer Cyclical,"110,585","56,826","59,554",,ifrs-full_OtherAssetsMember_label
EBIT,"-2,852,247",,,,,income statement,XPeng Inc.,Consumer Cyclical,"-2,708,311","-3,659,655","-1,393,001",,ifrs-full_IncreaseDecreaseThroughTransferBetweenRevaluationReserveAndRetainedEarnings_label
EBITDA,"-2,852,247",,,,,income statement,XPeng Inc.,Consumer Cyclical,-,-,-,,ifrs-full_FinancialAssetsWithContractualCashFlowsModifiedDuringReportingPeriodWhileLossAllowanceMeasuredAtLifetimeExpectedCreditLossesModificationGainLoss_label
Reconciled Cost of Revenue,"7,767,475",,,,,income statement,XPeng Inc.,Consumer Cyclical,"5,578,332","2,879,360","12,067",,ifrs-full_MaximumExposureToCreditRiskThatArisesFromContractsWithinScopeOfIFRS17_label
Reconciled Depreciation,-,,,,,income statement,XPeng Inc.,Consumer Cyclical,"437,939","226,665","95,631",,ifrs-full_KeyManagementPersonnelCompensationSharebasedPayment_label
Net Income from Continuing Operation Net Minority Interest,"-2,868,785",,,,,income statement,XPeng Inc.,Consumer Cyclical,"-2,731,985","-3,691,673","-1,398,823",,ifrs-full_RevenueFromGovernmentGrants_label
Total Unusual Items Excluding Goodwill,"1,365,185",,,,,income statement,XPeng Inc.,Consumer Cyclical,"1,362,025","27,679","254,361",,ifrs-full_CurrentValueAddedTaxReceivables_label
Total Unusual Items,"1,365,185",,,,,income statement,XPeng Inc.,Consumer Cyclical,"1,362,025","27,679","254,361",,ifrs-full_NumberOfSharesIssuedButNotFullyPaid_label
Normalized EBITDA,"-4,217,432",,,,,income statement,XPeng Inc.,Consumer Cyclical,"-3,632,397","-3,460,669","-1,551,731",,ifrs-full_BiologicalAssetsByGroupAxis_label
Tax Rate for Calcs,0,,,,,income statement,XPeng Inc.,Consumer Cyclical,0,0,0,,ifrs-full_DisclosureOfUnconsolidatedStructuredEntitiesLineItems_label
Tax Effect of Unusual Items,"546,074",,,,,income statement,XPeng Inc.,Consumer Cyclical,"340,506","6,920",0,,ifrs-full_DescriptionOfAmountsOfPropertyOccupiedByEntityIncludedInFairValueOfPlanAssets_label
